<?xml version="1.0" encoding="UTF-8"?><collection xmlns="http://www.loc.gov/MARC21/slim"><record><leader>00394nam--2200133-i-4500</leader><controlfield tag="001">000005433</controlfield><controlfield tag="002">20161230</controlfield><controlfield tag="005">20161230201026</controlfield><controlfield tag="008">060222s1000------------r-----000-0-eng-d</controlfield><datafield ind1=" " ind2=" " tag="080"><subfield code="a">..</subfield></datafield><datafield ind1=" " ind2=" " tag="100"><subfield code="a">Birjukow,W.A.,Lebedenko,M.M.,Ryshow,A.M</subfield></datafield><datafield ind1=" " ind2=" " tag="245"><subfield code="a">Das vereinigte institut fur kernforschung in dubna</subfield></datafield><datafield ind1=" " ind2=" " tag="260"><subfield code="a">Leipzig,Veb Deutscher Verlag Fur Grundstoff- Industrie,1960. 121p</subfield></datafield><datafield ind1=" " ind2=" " tag="852"><subfield code="a">7568</subfield></datafield></record></collection>